<record><leader>00000cas a2200000 a 4500</leader><controlfield tag="001">54010900</controlfield><controlfield tag="008">040112d188u1881iluwr ne      0    0eng c</controlfield><datafield ind1=" " ind2=" " tag="010"><subfield code="a">sn2004061804</subfield></datafield><datafield ind1=" " ind2=" " tag="040"><subfield code="a">NVF</subfield><subfield code="b">eng</subfield><subfield code="c">NVF</subfield><subfield code="d">OCLCQ</subfield><subfield code="d">OCLCF</subfield><subfield code="d">OCLCO</subfield></datafield><datafield ind1="1" ind2=" " tag="029"><subfield code="a">AU@</subfield><subfield code="b">000025222112</subfield></datafield><datafield ind1=" " ind2=" " tag="042"><subfield code="a">pcc</subfield></datafield><datafield ind1=" " ind2=" " tag="043"><subfield code="a">n-us-il</subfield></datafield><datafield ind1="0" ind2="4" tag="245"><subfield code="a">The Swedish citizen.</subfield></datafield><datafield ind1=" " ind2=" " tag="260"><subfield code="a">Moline, Ill. :</subfield><subfield code="b">Eric Johnson,</subfield><subfield code="c">-1881.</subfield></datafield><datafield ind1=" " ind2=" " tag="300"><subfield code="a">v.</subfield></datafield><datafield ind1=" " ind2=" " tag="310"><subfield code="a">Weekly</subfield></datafield><datafield ind1="0" ind2=" " tag="362"><subfield code="a">-v. 1, no. 23 (May 7, 1881).</subfield></datafield><datafield ind1=" " ind2=" " tag="588"><subfield code="a">Description based on: Vol. 1, no. 9 (Jan. 29, 1881).</subfield></datafield><datafield ind1=" " ind2="0" tag="650"><subfield code="a">Swedish Americans</subfield><subfield code="z">Illinois</subfield><subfield code="v">Newspapers.</subfield></datafield><datafield ind1=" " ind2="0" tag="651"><subfield code="a">Moline (Ill.)</subfield><subfield code="v">Newspapers.</subfield></datafield><datafield ind1=" " ind2="7" tag="655"><subfield code="a">Newspapers.</subfield><subfield code="2">fast</subfield><subfield code="0">(OCoLC)fst01423814</subfield></datafield><datafield ind1=" " ind2="7" tag="650"><subfield code="a">Swedish Americans.</subfield><subfield code="2">fast</subfield><subfield code="0">(OCoLC)fst01140023</subfield></datafield><datafield ind1=" " ind2="7" tag="651"><subfield code="a">Illinois.</subfield><subfield code="2">fast</subfield><subfield code="0">(OCoLC)fst01205143</subfield></datafield><datafield ind1=" " ind2="7" tag="651"><subfield code="a">Illinois</subfield><subfield code="z">Moline.</subfield><subfield code="2">fast</subfield><subfield code="0">(OCoLC)fst01210118</subfield></datafield><datafield ind1=" " ind2=" " tag="752"><subfield code="a">United States</subfield><subfield code="b">Illinois</subfield><subfield code="c">Rock Island</subfield><subfield code="d">Moline.</subfield></datafield><datafield ind1="0" ind2="0" tag="785"><subfield code="t">Citizen (Moline, Ill.)</subfield><subfield code="w">(DLC)sn2004061803</subfield><subfield code="w">(OCoLC)54010811</subfield></datafield></record>